@MISC{lmzgeschichte,
  AUTHOR       = "Andreas Konitzer",
  TITLE        = "Geschichte des Internets",
  HOWPUBLISHED = "Website",
  NOTE         = "Online erhältlich unter 'https://www.lmz-bw.de/medien-und-bildung/medienwissen/informatik-robotik/historisches/geschichte-des-internets/'. Abgerufen am 12. Juni 2019."
}

@TECHREPORT{grundlagen6lowpan,
AUTHOR	=	"Enrico Lehmann",
TITLE	=	"Grundlagen6LoWPAN - Einführung in das „Internet der Dinge“",
INSTITUTION	=	"dresden elektronik ingenieurtechnik gmbh",
YEAR	=	"2012",
MONTH	=	"Juli",
NOTE	=	"Online erhältlich unter 'https://www.dresden-elektronik.de/fileadmin/Downloads/Dokumente/white\_paper/fundamentals\_6lowpan-WP-de.pdf'. Abgerufen am 12. Juni 2019"}

@TECHREPORT{dunkelsuip,
	AUTHOR	=	"Adam Dunkels",
	TITLE	=	"uIP- A FreeSmallTCP/IPStack",
	INSTITUTION	=	"Swedish Institute of Computer Science",
	YEAR	=	"2001",
	MONTH	=	"November",
	NOTE	=	"Online erhältlich unter 'http://www.dunkels.com/adam/download/uip-doc-0.5.pdf'. Abgerufen am 12. Juni 2019"}


@manual{esp8266,
	organization  = "Espressif Inc",
	title         = "ESP8266EX Datasheet",
	number        = "ESP8266EX",
	year          =  2018,  
	ADDRESS		= "https://www.espressif.com/sites/default/files/documentation/0a-esp8266ex\_datasheet\_en.pdf",
	note          = "Version 6.0"
}

@misc{abdeddaim2012bandwidth,
	title={Bandwidth and Energy Consumption Tradeoff for IEEE 802.15. 4 in Multihop Topologies},
	author={Abdeddaim, Mohamed Nazim and Darties, Benoit and Theoleyre, Fabrice},
	year={2012},
	publisher={Intech}
}

@book{ieee154,
	title={IIEEE SStandardfforLLow--RRate WWireless Networks},
	author={IEEE},
	year={2016},
	publisher={IEEE, New York}
}
@misc{berkeley,
	title="IEEE Std. 802.15.4Enabling Pervasive Wireless Sensor Networks - Enabling Pervasive Wireless Sensor Network",
	author="Dr. José A. Gutierrez"
	institution="University of California, Berkely",
	note=""Online erhältlich unter 'https://people.eecs.berkeley.edu/~prabal/teaching/cs294-11-f05/slides/day21.pdf'. Abgerufen am 12. Juni 2019";
}